<record><leader>00000cas a22000007a 4500</leader><controlfield tag="001">34979875</controlfield><controlfield tag="008">960624d19231923okuwr n       0    0eng d</controlfield><datafield ind1=" " ind2=" " tag="010"><subfield code="a">sn 96087891 </subfield></datafield><datafield ind1=" " ind2=" " tag="040"><subfield code="a">OBN</subfield><subfield code="b">eng</subfield><subfield code="c">OBN</subfield><subfield code="d">OCLCQ</subfield><subfield code="d">OCLCO</subfield></datafield><datafield ind1="1" ind2=" " tag="029"><subfield code="a">AU@</subfield><subfield code="b">000012570644</subfield></datafield><datafield ind1=" " ind2=" " tag="042"><subfield code="a">msc</subfield></datafield><datafield ind1=" " ind2=" " tag="043"><subfield code="a">n-us-ok</subfield></datafield><datafield ind1="0" ind2="4" tag="245"><subfield code="a">The Delaware news and Nelagoney news.</subfield></datafield><datafield ind1=" " ind2=" " tag="260"><subfield code="a">Delaware, Nowata County, Okla. :</subfield><subfield code="b">M.E. Springer</subfield></datafield><datafield ind1=" " ind2=" " tag="300"><subfield code="a">v.</subfield></datafield><datafield ind1=" " ind2=" " tag="310"><subfield code="a">Weekly</subfield></datafield><datafield ind1="0" ind2=" " tag="362"><subfield code="a">Vol. 1, no. 1 (Feb. 9, 1923)-v. 1, no. 4 (Mar. 2, 1923)=v. 2, no. 42-v. 2, no. 45).</subfield></datafield><datafield ind1=" " ind2="0" tag="651"><subfield code="a">Delaware (Okla.)</subfield><subfield code="v">Newspapers.</subfield></datafield><datafield ind1=" " ind2="0" tag="651"><subfield code="a">Nowata County (Okla.)</subfield><subfield code="v">Newspapers.</subfield></datafield><datafield ind1=" " ind2=" " tag="752"><subfield code="a">United States</subfield><subfield code="b">Oklahoma</subfield><subfield code="c">Nowata</subfield><subfield code="d">Delaware.</subfield></datafield><datafield ind1="0" ind2="0" tag="780"><subfield code="t">Nelagoney news</subfield><subfield code="w">(DLC)sn 93065985</subfield><subfield code="w">(OCoLC)27787591</subfield></datafield><datafield ind1="0" ind2="0" tag="785"><subfield code="t">Delaware news</subfield><subfield code="w">(DLC)sn 96087892</subfield><subfield code="w">(OCoLC)34979931</subfield></datafield></record>